@article{devi2017protein,
  title={Protein Word Detection using Text Segmentation Techniques},
  author={Devi, G and Tendulkar, Ashish V and Chakraborti, Sutanu},
  journal={BioNLP 2017},
  pages={238},
  year={2017}
}

@article{tendulkar2013parallels,
  title={Parallels between Linguistics and Biology},
  author={Tendulkar, Ashish Vijay and Chakraborti, Sutanu},
  journal={ACL 2013},
  pages={120},
  year={2013},
  publisher={Citeseer}
}

@article{zhikov2013efficient,
  title={An efficient algorithm for unsupervised word segmentation with branching entropy and MDL},
  author={Zhikov, Valentin and Takamura, Hiroya and Okumura, Manabu},
  journal={Information and Media Technologies},
  volume={8},
  number={2},
  pages={514--527},
  year={2013},
  publisher={Information and Media Technologies Editorial Board}
}

@inproceedings{yang2008classification,
  title={Classification of protein sequences based on word segmentation methods},
  author={Yang, Yang and Lu, Bao-liang and Yang, Wen-Yun},
  booktitle={Proceedings of the 6th Asia-Pacific Bioinformatics Conference},
  pages={177--186},
  year={2008},
  organization={World Scientific}
}

@article{kitt1999unsupervised,
  title={Unsupervised learning of word boundary with description length gain},
  author={Kitt, Chunyu and Wilks, Yorick},
  journal={EACL 1999: CoNLL-99 Computational Natural Language Learning},
  year={1999}
}

@inproceedings{kit1998virtual,
  title={The Virtual Corpus approach to deriving n-gram statistics from large scale corpora},
  author={Kit, Chunyu and Wilks, Yorick},
  booktitle={Proceedings of 1998 International Conference on Chinese Information Processing},
  pages={223--229},
  year={1998}
}

@inproceedings{hewlett2011fully,
  title={Fully unsupervised word segmentation with BVE and MDL},
  author={Hewlett, Daniel and Cohen, Paul},
  booktitle={Proceedings of the 49th Annual Meeting of the Association for Computational Linguistics: Human Language Technologies: short papers-Volume 2},
  pages={540--545},
  year={2011},
  organization={Association for Computational Linguistics}
}

@inproceedings{chen2013improved,
  title={An improved MDL-based compression algorithm for unsupervised word segmentation},
  author={Chen, Ruey-Cheng},
  booktitle={Proceedings of the 51st Annual Meeting of the Association for Computational Linguistics (Volume 2: Short Papers)},
  volume={2},
  pages={166--170},
  year={2013}
}

@inproceedings{mochihashi2009bayesian,
  title={Bayesian unsupervised word segmentation with nested Pitman-Yor language modeling},
  author={Mochihashi, Daichi and Yamada, Takeshi and Ueda, Naonori},
  booktitle={Proceedings of the Joint Conference of the 47th Annual Meeting of the ACL and the 4th International Joint Conference on Natural Language Processing of the AFNLP: Volume 1-Volume 1},
  pages={100--108},
  year={2009},
  organization={Association for Computational Linguistics}
}
